% Encoding: UTF-8

@Article{hierkoennte42,
  author = {hier k√∂nnte},
  title  = {ihre Werbung stehen},
  year   = {42},
  date   = {2018-03-14},
}

@Comment{jabref-meta: databaseType:biblatex;}
